<marcxml:record xmlns:marcxml="http://www.loc.gov/MARC21/slim" xmlns:mets="http://www.loc.gov/METS/" xmlns:bf="http://id.loc.gov/ontologies/bibframe/" xmlns:bflc="http://id.loc.gov/ontologies/bflc/" xmlns:madsrdf="http://www.loc.gov/mads/rdf/v1#" xmlns:rdf="http://www.w3.org/1999/02/22-rdf-syntax-ns#" xmlns:ri="http://id.loc.gov/ontologies/RecordInfo#" xmlns:idx="info:lc/xq-modules/lcindex" xmlns:semtriples="http://marklogic.com/semantic" xmlns:xsi="http://www.w3.org/2001/XMLSchema-instance" xmlns:xlink="http://www.w3.org/1999/xlink" xmlns:streams="info:lc/streams#">
  <marcxml:leader>01766cam a2200373 a 4500</marcxml:leader>
  <marcxml:controlfield tag="001">14044803</marcxml:controlfield>
  <marcxml:controlfield tag="005">20090728112436.0</marcxml:controlfield>
  <marcxml:controlfield tag="008">050720s2006    nyu    c      000 1 eng  </marcxml:controlfield>
  <marcxml:datafield tag="906" ind1=" " ind2=" ">
    <marcxml:subfield code="a">7</marcxml:subfield>
    <marcxml:subfield code="b">cbc</marcxml:subfield>
    <marcxml:subfield code="c">orignew</marcxml:subfield>
    <marcxml:subfield code="d">1</marcxml:subfield>
    <marcxml:subfield code="e">ecip</marcxml:subfield>
    <marcxml:subfield code="f">20</marcxml:subfield>
    <marcxml:subfield code="g">y-gencatlg</marcxml:subfield>
  </marcxml:datafield>
  <marcxml:datafield tag="925" ind1="0" ind2=" ">
    <marcxml:subfield code="a">acquire</marcxml:subfield>
    <marcxml:subfield code="b">2 shelf copies</marcxml:subfield>
    <marcxml:subfield code="x">policy default</marcxml:subfield>
  </marcxml:datafield>
  <marcxml:datafield tag="955" ind1=" " ind2=" ">
    <marcxml:subfield code="a">lb18 2005-07-20</marcxml:subfield>
    <marcxml:subfield code="c">lb18 2005-07-20</marcxml:subfield>
    <marcxml:subfield code="d">lb18 2005-08-12</marcxml:subfield>
    <marcxml:subfield code="e">lb18 2005-08-12</marcxml:subfield>
    <marcxml:subfield code="c">lb18 2005-08-24 series numbering added at publisher's request</marcxml:subfield>
    <marcxml:subfield code="a">ps08 2006-09-22 1 copy rec'd., to CIP ver.</marcxml:subfield>
    <marcxml:subfield code="f">lk18 2006-09-26 Z-CipVer</marcxml:subfield>
    <marcxml:subfield code="g">lk18 2006-09-26 to BCCD</marcxml:subfield>
    <marcxml:subfield code="a">yh16 2007-01-05 copy 2 added</marcxml:subfield>
    <marcxml:subfield code="d">xc03 2008-10-17 deleted extra lcac</marcxml:subfield>
  </marcxml:datafield>
  <marcxml:datafield tag="010" ind1=" " ind2=" ">
    <marcxml:subfield code="a">  2005020926</marcxml:subfield>
  </marcxml:datafield>
  <marcxml:datafield tag="020" ind1=" " ind2=" ">
    <marcxml:subfield code="a">0316155594</marcxml:subfield>
  </marcxml:datafield>
  <marcxml:datafield tag="020" ind1=" " ind2=" ">
    <marcxml:subfield code="a">9780316155595</marcxml:subfield>
  </marcxml:datafield>
  <marcxml:datafield tag="035" ind1=" " ind2=" ">
    <marcxml:subfield code="a">(OCoLC)ocm61262297</marcxml:subfield>
  </marcxml:datafield>
  <marcxml:datafield tag="040" ind1=" " ind2=" ">
    <marcxml:subfield code="a">DLC</marcxml:subfield>
    <marcxml:subfield code="c">DLC</marcxml:subfield>
    <marcxml:subfield code="d">DLC</marcxml:subfield>
  </marcxml:datafield>
  <marcxml:datafield tag="042" ind1=" " ind2=" ">
    <marcxml:subfield code="a">lcac</marcxml:subfield>
  </marcxml:datafield>
  <marcxml:datafield tag="050" ind1="0" ind2="0">
    <marcxml:subfield code="a">PZ7.P27653</marcxml:subfield>
    <marcxml:subfield code="b">Sch 2006</marcxml:subfield>
  </marcxml:datafield>
  <marcxml:datafield tag="082" ind1="0" ind2="0">
    <marcxml:subfield code="a">[Fic]</marcxml:subfield>
    <marcxml:subfield code="2">22</marcxml:subfield>
  </marcxml:datafield>
  <marcxml:datafield tag="100" ind1="1" ind2=" ">
    <marcxml:subfield code="a">Patterson, James,</marcxml:subfield>
    <marcxml:subfield code="d">1947-</marcxml:subfield>
  </marcxml:datafield>
  <marcxml:datafield tag="245" ind1="1" ind2="0">
    <marcxml:subfield code="a">School's out-- forever /</marcxml:subfield>
    <marcxml:subfield code="c">James Patterson.</marcxml:subfield>
  </marcxml:datafield>
  <marcxml:datafield tag="250" ind1=" " ind2=" ">
    <marcxml:subfield code="a">1st ed.</marcxml:subfield>
  </marcxml:datafield>
  <marcxml:datafield tag="260" ind1=" " ind2=" ">
    <marcxml:subfield code="a">New York :</marcxml:subfield>
    <marcxml:subfield code="b">Little, Brown,</marcxml:subfield>
    <marcxml:subfield code="c">2006.</marcxml:subfield>
  </marcxml:datafield>
  <marcxml:datafield tag="300" ind1=" " ind2=" ">
    <marcxml:subfield code="a">409 p. ;</marcxml:subfield>
    <marcxml:subfield code="c">23 cm.</marcxml:subfield>
  </marcxml:datafield>
  <marcxml:datafield tag="440" ind1=" " ind2="0">
    <marcxml:subfield code="a">Maximum Ride ;</marcxml:subfield>
    <marcxml:subfield code="v">[2]</marcxml:subfield>
  </marcxml:datafield>
  <marcxml:datafield tag="520" ind1=" " ind2=" ">
    <marcxml:subfield code="a">After a short stay with an FBI agent who gives them a chance to attend school and live a normal life, the six genetically-altered, winged youths head toward Florida and Max's ultimate destiny--to save the world, whether she wants to or not.</marcxml:subfield>
  </marcxml:datafield>
  <marcxml:datafield tag="655" ind1=" " ind2="0">
    <marcxml:subfield code="a">Science fiction.</marcxml:subfield>
  </marcxml:datafield>
  <marcxml:datafield tag="650" ind1=" " ind2="1">
    <marcxml:subfield code="a">Genetic engineering</marcxml:subfield>
    <marcxml:subfield code="v">Fiction.</marcxml:subfield>
  </marcxml:datafield>
  <marcxml:datafield tag="650" ind1=" " ind2="1">
    <marcxml:subfield code="a">Adventure and adventurers</marcxml:subfield>
    <marcxml:subfield code="v">Fiction.</marcxml:subfield>
  </marcxml:datafield>
  <marcxml:datafield tag="650" ind1=" " ind2="1">
    <marcxml:subfield code="a">Schools</marcxml:subfield>
    <marcxml:subfield code="v">Fiction.</marcxml:subfield>
  </marcxml:datafield>
  <marcxml:datafield tag="650" ind1=" " ind2="1">
    <marcxml:subfield code="a">Science fiction.</marcxml:subfield>
  </marcxml:datafield>
  <marcxml:datafield tag="800" ind1="1" ind2=" ">
    <marcxml:subfield code="a">Patterson, James,</marcxml:subfield>
    <marcxml:subfield code="d">1947-</marcxml:subfield>
    <marcxml:subfield code="t">Maximum Ride ;</marcxml:subfield>
    <marcxml:subfield code="v">[2].</marcxml:subfield>
  </marcxml:datafield>
  <marcxml:datafield tag="856" ind1="4" ind2="2">
    <marcxml:subfield code="3">Contributor biographical information</marcxml:subfield>
    <marcxml:subfield code="u">http://www.loc.gov/catdir/enhancements/fy0742/2005020926-b.html</marcxml:subfield>
  </marcxml:datafield>
  <marcxml:datafield tag="856" ind1="4" ind2="2">
    <marcxml:subfield code="3">Publisher description</marcxml:subfield>
    <marcxml:subfield code="u">http://www.loc.gov/catdir/enhancements/fy0914/2005020926-d.html</marcxml:subfield>
  </marcxml:datafield>
</marcxml:record>
